%%%% COLING

@String{coling1990 = "13th International Conference on Computational Linguistics (COLING 1990)"}
@String{coling1992 = "14th International Conference on Computational Linguistics (COLING 1992)"}
@String{coling2014 = "25th International Conference on Computational Linguistics (COLING 2014)"}

%%%% LREC

@String{lrec2010 = "7th edition of the Language Resources and Evaluation Conference (LREC 2010)"}
2012 = 8th
2014 = 9th
@String{lrec2016 = "10th edition of the Language Resources and Evaluation Conference (LREC 2016)"}

%% ANLP

@String{anlp1992 = "3rd Conference on Applied Natural Language Processing"}
@String{anlp1997 = "5th Conference on Applied Natural Language Processing"}

%%%% NODALIDA

@String{nodalida1998 = "11th Nordic Conference on Computational Linguistics (NODALIDA 1998)"}
@String{nodalida2001 = "13th Nordic Conference on Computational Linguistics (NODALIDA 2001)"}

@String{nodalida2009 = "17th Nordic Conference of Computational Linguistics (NODALIDA 2009)"}
@String{nodalida2009cg = "Constraint Grammar workshop at the " # nodalida2009}

@String{nodalida2011 = "18th Nordic Conference of Computational Linguistics (NODALIDA 2011)"}
@String{nodalida2011cg = "Constraint Grammar workshop at the " # nodalida2011}

@String{nodalida2013 = "19th Nordic Conference of Computational Linguistics (NODALIDA 2013)"}
@String{nodalida2013cg = "Constraint Grammar workshop at the " # nodalida2013}

@String{nodalida2015 = "20th Nordic Conference of Computational Linguistics (NODALIDA 2015)"}
@String{nodalida2015cg = "Constraint Grammar workshop at the " # nodalida2015}

@String{nodalida2017 = "21th Nordic Conference of Computational Linguistics (NODALIDA 2017)"}
@String{nodalida2017cg = "Constraint Grammar workshop at the " # nodalida2017}

%%%% CG parsers

@inproceedings{karlsson1990cgp,
 author = {Karlsson, Fred},
 title = {Constraint Grammar as a Framework for Parsing Running Text},
 booktitle = "Proceedings of " # coling1990,
 volume={3},
 year = {1990},
 isbn = {952-90-2028-7},
 location = {Helsinki, Finland},
 pages = {168--173},
 numpages = {6},
 url = {http://dx.doi.org/10.3115/991146.991176},
 doi = {10.3115/991146.991176},
 acmid = {991176},
 publisher = {Association for Computational Linguistics},
 address = {Stroudsburg, PA, USA}
} 

@book{karlsson1995constraint,
  title={{Constraint Grammar}: a language-independent system for parsing unrestricted text},
  author={Karlsson, Fred and Voutilainen, Atro and Heikkil{\"{a}}, Juha and Anttila, Arto},
  volume={4},
  year={1995},
  publisher={Walter de Gruyter}
}

@book{tapanainen1996,
  author = "Tapanainen, Pasi",
  title = {{The Constraint Grammar Parser CG-2}},
  volume={27},
  series={Publications of the Department of General Linguistics, University of Helsinki},
  publisher={Yliopistopaino, Helsinki},
  year = {1996} 
}

@manual{vislcg3,
  author = {Tino Didriksen},
  title = {{Constraint Grammar Manual}},
  date = {September 14, 2015},
  year={2014},
  language = {English},
  version = {3},
  url={http://beta.visl.sdu.dk/cg3.html},
  organization = {{Institute of Language and Communication, University of Southern Denmark}}
}

@inproceedings{bick2015,
  author = {Bick, Eckhard and Didriksen, Tino},
  year = {2015}, 
  title = {{CG-3 -- Beyond Classical Constraint Grammar}},
  booktitle = "Proceedings of the " # nodalida2015,
  location = {{Vilnius, Lithuania}},
  url={http://www.ep.liu.se/ecp/109/007/ecp15109007.pdf}
}


@inproceedings{yli-jyra2011cg_engine,
  title={An efficient constraint grammar parser based on inward deterministic automata},
  author={Yli-Jyr{\"a}, Anssi},
  booktitle =  nodalida2011cg,
  location={{Riga, Latvia}},
  pages={50--60},
  year={2011}
}


@inproceedings{hulden2011cg_engine,
  title={Constraint Grammar parsing with left and right sequential finite transducers},
  author={Hulden, Mans},
  booktitle={{Proceedings of 9th International Workshop on Finite State Methods and Natural Language Processing}},
  pages={39--47},
  year={2011},
  organization={Association for Computational Linguistics}
}


@mastersthesis{peltonen2011,
  title={Rajoitekielioppien toteutuksesta äärellistilaisin menetelmin},
  author={Janne Peltonen},
  year={2011},
  school={{University of Helsinki}}
}

%%%%%%%%%%%%%%%%%%%%%%%%%%%%%%%%%%%%%%%%%%%%%%%%%%%%%%%%%%%%
%%%% FSIG
@inproceedings{koskenniemi90,
 author = {Koskenniemi, Kimmo},
 title = {Finite-state Parsing and Disambiguation},
 booktitle = "Proceedings of " # coling1990,
 volume={2},
 year = {1990},
 location = {Helsinki, Finland},
 pages = {229--232},
 numpages = {4},
 publisher = {Association for Computational Linguistics},
 address = {Stroudsburg, PA, USA}
} 


@inproceedings{koskenniemi92,
  author    = {Kimmo Koskenniemi and
               Pasi Tapanainen and
               Atro Voutilainen},
  title     = {Compiling and Using Finite-State Syntactic Rules},
  booktitle = "Proceedings of " # coling1992,
  pages     = {156--162},
  location  = {Nantes, France},
  month     = {August},
  year      = {1992},
  url       = {http://aclweb.org/anthology/C92-1027}
}
% biburl    = {http://dblp.uni-trier.de/rec/bib/conf/coling/KoskenniemiTV92}
 

@article{koskenniemi97,
  title={Representations and finite-state components in natural language},
  author={Koskenniemi, Kimmo},
  journal={Finite-state language processing},
  pages={99--116},
  year={1997}
}

@inproceedings{piitulainen1995,
  title={Locally tree-shaped sentence automata and resolution of ambiguity},
  author={Piitulainen, Jussi},
  booktitle={Proceedings of the 10th Nordic Conference of Computational Linguistics},
  number={26},
  pages={50--58},
  year={1995}
}


@book{voutilainen1994designing,
  title={Designing a parsing grammar},
  author={Voutilainen, Atro},
  year={1994},
  volume={22},
  series={{Publications of the Department of General Linguistics, University of Helsinki}}, 
  location={Helsinki, Finland},
  publisher={Yliopistopaino}
}



@article{voutilainen1997fsig,
  title={Designing a (finite-state) parsing grammar},
  author={Voutilainen, Atro},
  journal={Finite-State Language Processing},
  pages={283--310},
  year={1997}
}

@inproceedings{voutilainen1998,
  title={{Does tagging help parsing? A case study on finite state parsing}},
  author={Voutilainen, Atro},
  booktitle={Proceedings of the International Workshop on Finite State Methods in Natural Language Processing ({FSMNLP} 1998)},
  pages={25--36},
  year={1998},
  organization={Association for Computational Linguistics}
}

@inproceedings{yli-jyra2001,
   title={{Structural Correspondence between Finite-State Intersection Grammar and Constraint Satisfaction Problem}},
   author={{Yli-Jyr{\"{a}}, Anssi}},
   year={2001},
   pages={1--4},
   booktitle={{Finite State Methods in Natural Language Processing 2001 (FSMNLP 2001), ESSLLI Workshop}}
}

@inproceedings{yli-jyra2003describing,
  title={Describing syntax with star-free regular expressions},
  author={Yli-Jyr{\"a}, Anssi},
  booktitle={Proceedings of the tenth conference on European chapter of the Association for Computational Linguistics},
  volume={1},
  pages={379--386},
  year={2003},
  organization={Association for Computational Linguistics}
}

@inproceedings{yli-jyra2003fsig_approx_cfg,
  author={Yli-Jyr{\"a}, Anssi},
  year={2003}, 
  title={Regular approximations through labeled bracketing},
  editor = {G. Jäger, P. Monachesi, G. Penn, and S. Wintner}, 
  booktitle={Proceedings of the 8th conference on Formal Grammar (FGVienna 2003)}, 
  pages={189–-201}
}

@inproceedings{yli-jyra2004fsig_dependency,
  title={Axiomatization of restricted non-projective dependency trees through finite-state constraints that analyse crossing bracketings},
  author={Yli-Jyr{\"a}, Anssi},
  editor={G.-J. M. Kruijff and D. Duchier},
  booktitle={Workshop of Recent Advances in Dependency Grammar},
  year={2004},
  pages={33--40},
  location={Geneva, Switzerland}
}


@PhdThesis{yli-jyra2005phd,
  title={Contributions to the theory of finite-state based grammars},
  author={Yli-Jyr{\"a}, Anssi},
  year={2005},
  school={{University of Helsinki}}
}


%%%%%%%%%%%%%%%%%%%%%%%%%%%%%%%%%%%%%%%%%%%%%%%%%%%%%%%%%%%%
%%%% CG theory



@phdthesis{tapanainen1999phd,
  title={Parsing in two frameworks: Finite-state and Functional dependency grammar},
  author={Tapanainen, Pasi},
  year={1999},
  school={{University of Helsinki}},
  publisher={{University of Helsinki, Department of General Linguistics}}
}


@InProceedings{nemeskey14,
  author    = {Nemeskey, D\'{a}vid M\'{a}rk  and  Tyers, Francis  and  Hulden, Mans},
  title     = {Why Implementation Matters: Evaluation of an Open-source Constraint Grammar Parser},
  booktitle = "Proceedings of the " # coling2014,
  pages     = {772--780},
  month     = {August},
  year      = {2014},
  address   = {Dublin, Ireland},
  url       = {http://www.aclweb.org/anthology/C14-1073}
}

@inproceedings{ylijyra2017,
  author = {Yli-Jyr{\"{a}}, Anssi},
  title = {{The Power of Constraint Grammars Revisited}},
  booktitle = "Proceedings of the " # nodalida2017cg,
  year = {2017},
  location={Gothenburg, Sweden}
}


@InProceedings{lager98,
  author =  {Torbj{\"{o}}rn Lager },
  booktitle = "Proceedings of the " # nodalida1998,
  title =  {{Logic for Part of Speech Tagging and Shallow Parsing}},
  year =   {1998},
  location = {Copenhagen, Denmark}
}


@inproceedings{lager_nivre01,
  author    = {Torbj{\"{o}}rn Lager and
               Joakim Nivre},
  title     = {{Part of speech tagging from a logical point of view}},
  booktitle = {{Logical Aspects of Computational Linguistics, 4th International Conference (LACL 2001)}},
  pages     = {212--227},
  year      = {2001},
  location  = {Le Croisic, France}
}


%%%%%%%%%%%%%%%%%%%%%%%%%%%%%%%%%%%%%%%%%%%%%%%%%%%%%%%%%%%%
%%%% CG applications

@inproceedings{lene_trond2011,
 title={{Next to nothing -- a cheap South Saami disambiguator}},
 author={Antonsen, Lene and Trosterud, Trond},
 year={2011},
 booktitle = nodalida2011cg,
 location={{Riga, Latvia}},
 pages={1--7},
 url={https://dspace.utlib.ee/dspace/bitstream/handle/10062/19296/antonsen_trosterud.pdf}
}


@inproceedings{antonsen2009dialogue,
  title={{Constraint Grammar in Dialogue Systems}},
  author={Antonsen, Lene and Huhmarniemi, Saara and Trosterud, Trond},
  booktitle = nodalida2009cg,
  volume={8},
  pages={13--21},
  year={2009}
}


@inproceedings{bick_barebones,
  title={A Bare-bones Constraint Grammar},
  author={Bick, Eckhard},
  booktitle={{Proceedings of the 25th Pacific Asia Conference on Language, Information and 
  Computation (PACLIC 2011)}},
  pages={226--235},
  year={2011}
}

@inproceedings{lene_trond_linda2010,
  title = {Reusing grammatical resources for new languages},
  author={Antonsen, Lene and Wiechetek, Linda and Trosterud, Trond},
  year = {2010},
  booktitle = "Proceedings of the " # lrec2010,
  url = {http://www.lrec-conf.org/proceedings/lrec2010/pdf/254_Paper.pdf}
}

@PhdThesis{bick2000palavras,
  title={{The parsing system ``Palavras''. Automatic Grammatical Analysis of Portuguese in a Constraint Grammar Framework}},
  author={Bick, Eckhard},
  year={2000},
  school={University of Århus}
}

@inproceedings{bick2003hybridCG_PSG,
  title={A CG \& PSG hybrid approach to automatic corpus annotation},
  author={Bick, Eckhard},
  booktitle= {{Proceedings of the Shallow Processing of Large Corpora Workshop (SProLaC 2003)}},
  pages={1--12},
  year={2003}
}

@inproceedings{bick2006spanish,
  author = "Bick, Eckhard",
  year = "2006",
  title = {{A Constraint Grammar Parser for Spanish}},
  booktitle = {{Proceedings of TIL 2006 -- 4th Workshop on Information and Human Language Technology}},
  url = {http://visl.sdu.dk/~eckhard/pdf/TIL2006.pdf}
}


@inproceedings{bick2011,
  author = "Eckhard Bick",
  year = "2011",
  title = "Constraint grammar applications",
  pages = {iv},
  booktitle =  nodalida2011cg,
  location={{Riga, Latvia}}
}
% page iv


@inproceedings{pirinen2015,
  author = {Tommi Pirinen},
  title = {{Using weighted finite state morphology with VISL CG-3---Some experiments with free open source Finnish resources}},
  booktitle = nodalida2015cg,
  year = {2015},
  location={Vilnius, Lithuania}
}

@inproceedings{tyers_reynolds2015,
  author = {Robert Reynolds and Francis Tyers},
  title = {A preliminary constraint grammar for {R}ussian},
  booktitle = nodalida2015cg,
  year = {2015},
  location={{Vilnius, Lithuania}}
}



@inproceedings{puolakainen2015anaphora,
  title={Anaphora resolution experiment with CG rules},
  author={Puolakainen, Tiina},
  booktitle = nodalida2015cg, 
  year={2015},
  location={Vilnius, Lithuania}
}


%%%%%%%%%%%%%%%%%%%%%%%%%%%%%%%%%%%%%%%%%%%%%%%%%%%%%%%%%%%%
%%%% Learning CG rules 

@incollection{voutilainen2004,
  author      = {Atro Voutilainen},
  title       = {Hand Crafted Rules},
  editor      = {H. {van Halteren}}, 
  booktitle   = {Syntactic Wordclass Tagging},
  publisher   = {Kluwer Academic},
  pages       = {217--246},
  year        = 2004
}

@incollection{inducing_cg1996,
author={Samuelsson, Christer and Tapanainen, Pasi and Voutilainen, Atro},
title={Inducing constraint grammars},
year={1996},
booktitle={Grammatical Interference: Learning Syntax from Sentences},
volume={1147},
series={Lecture Notes in Computer Science},
editor={Miclet, Laurent and de la Higuera, Colin},
url={http://dx.doi.org/10.1007/BFb0033350},
publisher={Springer Berlin Heidelberg},
pages={146--155}
}
%isbn={978-3-540-61778-5}

@incollection{lindberg_eineborg98ilp, 
  title={Induction of Constraint Grammar-rules using Progol},
  year={1998},
  booktitle={Inductive Logic Programming},
  volume={1446},
  series={Lecture Notes in Computer Science},
  editor={Page, David},

  publisher={Springer Berlin Heidelberg},
  author={Eineborg, Martin and Lindberg, Nikolaj},
  pages={116-124}
}


@inproceedings{lager01transformation,
  title={Transformation-based learning of rules for constraint grammar tagging},
  author={Lager, Torbj{\"o}rn},
  booktitle="Proceedings of the " # nodalida2001,
  year={2001},
  location={Uppsala, Sweden}
}

@MastersThesis{asfrent14,
    author   = {Andrei Sfrent},
    title    = {Machine Learning of Rules for Part of Speech Tagging},
    school   = {{Imperial College London}},
    address  = {{United Kingdom}},
    year     = {2014},
    }


@inproceedings{lindberg_eineborg98coling,
  author    = {Nikolaj Lindberg and
               Martin Eineborg},
  title     = {Learning {Constraint Grammar}-style Disambiguation Rules using Inductive
               Logic Programming},
  booktitle = {36th Annual Meeting of the Association for Computational Linguistics
               and 17th International Conference on Computational Linguistics ({COLING-ACL}
               1998)},
  year      = {1998},
  url       = {http://aclweb.org/anthology/P/P98/P98-2128.pdf},
  biburl    = {http://dblp.uni-trier.de/rec/bib/conf/acl/LindbergE98},
  pages     = {775--779}
}

@inproceedings{bick2013tuning,
  author = "Bick, Eckhard",
  year = "2013", 
  title = {{ML-Tuned Constraint Grammars}},
  booktitle = {{Proceedings of the 27th Pacific Asia Conference on Language, Information and Computation (PACLIC 2013)}},
  pages = {440--449},
  location = {Taipei},
  url={http://visl.sdu.dk/~eckhard/pdf/PACLIC2013_grammar_tuning2.pdf}
}
%


%%%%%%%%%%%%%%%%%%%%%%%%%%%%%%%%%%%%%%%%%%%%%%%%%%%%%%%%%%%%
%%%% SAT

@inproceedings{listenmaa_claessen2016,
  author = {Inari Listenmaa and Koen Claessen},
  title = {{Analysing Constraint Grammars with a SAT-solver}},
  booktitle="Proceedings of the " # lrec2016,
  year = {2016},
  location={Portorož, Slovenia}
}
%   23-28 May 2016,  (Slovenia)


@inproceedings{listenmaa_claessen2015,
  author = {Inari Listenmaa and Koen Claessen},
  title = {{Constraint Grammar as a SAT problem}},
  booktitle = nodalida2015cg,
  year={2015},
  location={Vilnius, Lithuania}
}


@misc{marques_silva2010,
 author = {Jo{\~{a}}o Marques-Silva},
 year = "2010",
 title = {{Boolean Satisfiability Solving: Past, Present \& Future}},
 howpublished = {{Presentation given at
the Microsoft Research International Workshop on Tractability, Cambridge, UK, July 5--6}},
 url = {http:
//research.microsoft.com/en-us/events/tractability2010/joao-marques-silvatractability2010.pdf}

}

@article{claessen2009satpractice,
author="Claessen, Koen
and Een, Niklas
and Sheeran, Mary
and S{\"o}rensson, Niklas
and Voronov, Alexey
and {\AA}kesson, Knut",
title="SAT-Solving in Practice, with a Tutorial Example from Supervisory Control",
journal="Discrete Event Dynamic Systems",
year="2009",
volume="19",
number="4",
pages="495--524",
issn="1573-7594",
doi="10.1007/s10626-009-0081-8",
url="http://dx.doi.org/10.1007/s10626-009-0081-8"
}

@inbook{claessen2013compbioSAT,
author={Claessen, Koen
and Fisher, Jasmin
and Ishtiaq, Samin
and Piterman, Nir
and Wang, Qinsi},
editor="Sharygina, Natasha
and Veith, Helmut",
chapter="Model-Checking Signal Transduction Networks through Decreasing Reachability Sets",
title="Computer Aided Verification: 25th International Conference, CAV 2013, Saint Petersburg, Russia, July 13-19, 2013. Proceedings",
year="2013",
publisher="Springer Berlin Heidelberg",
address="Berlin, Heidelberg",
pages="85--100",
isbn="978-3-642-39799-8",
doi="10.1007/978-3-642-39799-8_5",
url="http://dx.doi.org/10.1007/978-3-642-39799-8_5"
}

@Inbook{sheeran1998modelchecking,
author="Sheeran, Mary
and St{\aa}lmarck, Gunnar",
editor="Gopalakrishnan, Ganesh
and Windley, Phillip",
chapter="A Tutorial on St{\aa}lmarck's Proof Procedure for Propositional Logic",
title="Formal Methods in Computer-Aided Design: Second International Conference, FMCAD' 98 Palo Alto, CA, USA, November 4--6, 1998 Proceedings",
year="1998",
publisher="Springer Berlin Heidelberg",
address="Berlin, Heidelberg",
pages="82--99",
isbn="978-3-540-49519-2",
doi="10.1007/3-540-49519-3_7",
url="http://dx.doi.org/10.1007/3-540-49519-3_7"
}

@InProceedings{biere1999modelchecking,
author="Biere, Armin
and Cimatti, Alessandro
and Clarke, Edmund
and Zhu, Yunshan",
editor="Cleaveland, W. Rance",
chapter="Symbolic Model Checking without BDDs",
title="Tools and Algorithms for the Construction and Analysis of Systems: 5th International Conference, TACAS'99 Held as Part of the Joint European Conferences on Theory and Practice of Software, ETAPS'99 Amsterdam, The Netherlands, March 22--28, 1999 Proceedings",
year="1999",
publisher="Springer Berlin Heidelberg",
address="Berlin, Heidelberg",
pages="193--207",
isbn="978-3-540-49059-3",
doi="10.1007/3-540-49059-0_14",
url="http://dx.doi.org/10.1007/3-540-49059-0_14"
}

@InProceedings{bradley2011modelchecking,
author="Bradley, Aaron R.",
editor="Jhala, Ranjit
and Schmidt, David",
title="SAT-Based Model Checking without Unrolling",
booktitle={{Proceedings of the 12th International Conference on Verification, Model Checking, and Abstract Interpretation (VMCAI 2011)}},
location = {Austin, TX, USA},
month={January}, 
year="2011",
publisher="Springer Berlin Heidelberg",
address="Berlin, Heidelberg",
pages="70--87",
isbn="978-3-642-18275-4",
doi="10.1007/978-3-642-18275-4_7",
url="http://dx.doi.org/10.1007/978-3-642-18275-4_7"
}
% January 23-25, 2011

@INPROCEEDINGS{marques-silva08practicalapplications,
    author = {Joao Marques-silva},
    title = {Practical applications of boolean satisfiability},
    booktitle = {{Proceedings of the workshop on Discrete Event Systems (WODES)}},
    year = {2008},
    publisher = {{IEEE Press}}
}

@incollection{een04sat,
  year={2004},
  booktitle={Theory and Applications of Satisfiability Testing},
  volume={2919},
  series={Lecture Notes in Computer Science},
  editor={Giunchiglia, Enrico and Tacchella, Armando},
  title={{An Extensible SAT-solver}},
  publisher={Springer Berlin Heidelberg},
  pages={502-518},
  author={E\'{e}n, Niklas and S{\"{o}}rensson, Niklas}
}

%language={English}

@article{een06minisatplus,
    author = {Niklas Eén and Niklas Sörensson},
    title = {Translating pseudo-boolean constraints into {SAT}},
    journal = {{Journal on Satisfiability, Boolean Modeling and Computation}},
    year = {2006},
    volume = {2},
    pages = {1--26}
}

@inproceedings{cook1971complexity,
  title={{The Complexity of Theorem-proving Procedures}},
  author={Cook, Stephen A.},
  booktitle={{Proceedings of the Third Annual Symposium on Theory of Computing}},
  year={1971},
  pages={151–-158}
}

@inproceedings{selman_kautz92aiplanning,
  title={Planning as satisfiability},
  author={B. Selman and H. Kautz},
  booktitle={{European Conference on Artificial Intelligence}},
  year={1992},
  pages={359–-363}
}

@book{biere2009handbook,
  title={Handbook of Satisfiability},
  author={Biere, Armin},
  isbn={9781586039295},
  lccn={2008942733},
  series={Frontiers in artificial intelligence and applications},
  year={2009},
  publisher={IOS Press}
}

%%%%%%%%%%%%%%%%%%%%%%%%%%%%%%%%%%%%%%%%%%%%%%%%%%%%%%%%%%%%
%%%% Misc
@inproceedings{cutting_etal92,
 author = {Cutting, Doug and Kupiec, Julian and Pedersen, Jan and Sibun, Penelope},
 title = {A Practical Part-of-speech Tagger},
 booktitle = "Proceedings of " # anlp1992,
 year = {1992},
 location = {Trento, Italy},
 pages = {133--140},
 numpages = {8},
 url = {http://dx.doi.org/10.3115/974499.974523},
 doi = {10.3115/974499.974523},
 publisher = {Association for Computational Linguistics},
 address = {Stroudsburg, PA, USA},
} 

@techreport{taggit,
  title={{Automatic Grammatical Tagging of English}},
  author={Greene, Barbara B. and Rubin, Gerald M.},
  institution={{Department of Linguistics, Brown University}},
  location={{Providence, Rhode Island}},

  year={1971}
}

@article{brill1995,
  title={Transformation-based error-driven learning and natural language processing: A case study in part-of-speech tagging},
  author={Brill, Eric},
  journal={Computational Linguistics},
  volume={21},
  number={4},
  pages={543--565},
  year={1995},
  publisher={MIT Press}
}

@inproceedings{tapanainen97fdg,
 title={A non-projective dependency parser},
 author={Tapanainen, Pasi and J\"{a}rvinen, Timo},
 year = {1997},
 booktitle = "Proceedings of " # anlp1997,
 pages={64–-71},
 location={{Washington, D.C.}},
 publisher={{Association for Computational Linguistics}},
 address = {Stroudsburg, PA, USA}
}

@inproceedings{voutilainen2011finntreebank,
  title={{FinnTreeBank: Creating a research resource and service for language researchers with Constraint Grammar}},
  author={Voutilainen, Atro},
  booktitle = "Proceedings of the " # nodalida2011cg,
  pages={41--49},
  year={2011}
}


@ARTICLE{chomsky1956hierarchy,
author={Noam Chomsky},
journal={{IRE} Transactions on Information Theory},
title={Three models for the description of language},
year={1956},
volume={2},
number={3},
pages={113-124},
doi={10.1109/TIT.1956.1056813},
ISSN={0096-1000},
month={September}
}

@incollection{kiparsky1968,
  publisher = {Holt, Rinehart, and Winston},
  booktitle = {Universals in Linguistic Theory},
  title = {Linguistic Universals and Linguistic Change},
  pages = {170--202},
  year = {1968},
  author = {Paul Kiparsky},
  editor = {Emmon Bach and R. Harms}
}

@inproceedings{barton1986complexityTWOL,
 author = {Barton, G. Edward},
 title = {{Computational Complexity in Two-level Morphology}},
 booktitle = {{Proceedings of the 24th Annual Meeting on Association for Computational Linguistics}},
 series = {ACL '86},
 year = {1986},
 location = {New York},
 pages = {53--59},
 numpages = {7},
 url = {http://dx.doi.org/10.3115/981131.981140},
 doi = {10.3115/981131.981140},
 acmid = {981140},
 publisher = {Association for Computational Linguistics},
 address = {Stroudsburg, PA, USA},
} 

@misc{bnfc,
 title={BNF Converter, vers. 2.7.1.},
 howpublished = {\url{http://bnfc.digitalgrammars.com}}
}
% month={October},
% year={2014}, 

%%%%%%%%%%%%%%%%%%%
%% Related work / CG-like

@incollection{gross1997local,
 author={Gross, Maurice},
 year={1997},
 title={The construction of local grammars},
 booktitle={Finite-state language processing}, 
 editor={Emmanuel Roche and Yves Schabes}, 
 pages={329–-354},
 address={Cambridge (MA), USA: MIT}
}

@INPROCEEDINGS{oflazer97votingconstraints,
    author = {Kemal Oflazer and Gökhan Tür},
    title = {Morphological disambiguation by voting constraints},
    booktitle = {{Proceedings of the 8th Conference of the European Chapter of the Association for Computational Linguistics (EACL 1997)}},
    year = {1997},
    pages = {222--229}
}

@incollection{grana2003fst,
  title={Compilation of constraint-based contextual rules for part-of-speech tagging into finite state transducers},
  author={Gra{\~n}a, Jorge and Andrade, Gloria and Vilares, Jes{\'u}s},
  booktitle={Implementation and Application of Automata},
  pages={128--137},
  year={2002},
  editor={Jean-Marc Champarnaud and Denis Maurel}, 
  volume={2608},
  series={Lecture Notes in Computer Science}, 
  publisher={Springer}
}

@inproceedings{herz1991local,
  title={Local syntactic constraints},
  author={Herz, Jacky and Rimon, Mori},
  booktitle={Proceedings of the Second International Workshop on Parsing Technologies},
  pages={200--209},
  year={1991}
}

@inproceedings{hindle1989disamrules,
 author={{Hindle, D.}},
 year={1989},
 title={{Acquiring Disambiguation Rules from Text}},
 booktitle={{Proceedings of the 27th Annual Meeting of the ACL}},
 pages={118--125}
}

@inproceedings{silfverberg2009conflict,
  title={Conflict resolution using weighted rules in {HFST-TWOLC}},
  author={Silfverberg, Miikka and Lind{\'e}n, Krister},
  booktitle="Proceedings of " # nodalida2009,
  pages={174--181},
  year={2009},
  location={Odense, Denmark}
}

@inproceedings{padro1996csp,
  title={A constraint satisfaction alternative for {POS} tagging},
  author={Padr{\'o}, Llu{\'\i}s},
  booktitle={{Proceedings of NLP+IA/TAL+AI}},
  year={1996},
  location={Moncton, New Brunswick, Canada}
}



%%%%%%%%%%%%%%%%%%%%%
%% Testing

@inproceedings{Matinnejad2016automated_testsuite_simulink,
 author = {{Matinnejad, Reza and Nejati, Shiva and Briand, Lionel C. and Bruckmann, Thomas}},
 title = {Automated Test Suite Generation for Time-continuous Simulink Models},
 booktitle = {Proceedings of the 38th International Conference on Software Engineering},
 series = {ICSE '16},
 year = {2016},
 isbn = {978-1-4503-3900-1},
 location = {Austin, Texas},
 pages = {595--606},
 numpages = {12},
 url = {http://doi.acm.org/10.1145/2884781.2884797},
 doi = {10.1145/2884781.2884797},
 acmid = {2884797},
 publisher = {ACM},
 address = {New York, NY, USA},
 keywords = {Simulink Design Verifier (SLDV), output diversity, search-based software testing, signal features, simulink models, software testing, structural coverage, time-continuous behaviors}
} 
 
%% TODO: find out how HPSG, TAG etc. people test their grammars


%%%%%%%%%%%%%%%%%%%%%%%%%%%%%%%%%%%%%%%%%%%%%%%%%%%%%%%%%%%%
%%%% GF

%% This is a typo: it is actually published in 2011.
%% Keeping the old reference so my old files don't break.
@Book{ranta2010gfbook,
  author = {Aarne Ranta},
  title =  {{Grammatical Framework:
             Programming with Multilingual Grammars}},
  publisher = {{CSLI Publications}},
  year = {2011}
}
@Book{ranta2011gfbook,
  author = {Aarne Ranta},
  title =  {{Grammatical Framework:
             Programming with Multilingual Grammars}},
  publisher = {{CSLI Publications}},
  year = {2011}
}

@article{ranta2009rgl,
  author = {Aarne Ranta},
  title = {{The GF Resource Grammar Library}},
  year = 2009,
  journal = {{Linguistics in Language Technology}},
  volume = {2},
  url = {http://elanguage.net/journals/index.php/lilt/article/viewFile/214/158},
}

@article{ranta2004gf,
  title={{Grammatical Framework}},
  author={Ranta, Aarne},
  journal={{Journal of Functional Programming}},
  volume={14},
  number={2},
  pages={145--189},
  year={2004},
  publisher={Cambridge University Press}
}


@inproceedings{khegai2006rglrussian,
 author = {Khegai, Janna},
 title = {GF Parallel Resource Grammars and Russian},
 booktitle = {Proceedings of the COLING/ACL on Main Conference Poster Sessions},
 series = {COLING-ACL '06},
 year = {2006},
 location = {Sydney, Australia},
 pages = {475--482},
 numpages = {8},
 url = {http://dl.acm.org/citation.cfm?id=1273073.1273135},
 acmid = {1273135},
 publisher = {Association for Computational Linguistics},
 address = {Stroudsburg, PA, USA},
} 

@phdthesis{khegai2006phd,
  title={{Language engineering in Grammatical Framework (GF)}},
  author={Khegai, Janna},
  year={2006},
  school={{Chalmers University of Technology}},
  publisher={{Chalmers University of Technology, Department of Computing Science}}
}



@article{seki91pmcfg,
  author    = {Hiroyuki Seki and
               Takashi Matsumura and
               Mamoru Fujii and
               Tadao Kasami},
  title     = {{On Multiple Context-Free Grammars}},
  journal   = {{Theoretical Computer Science}},
  volume    = {88},
  number    = {2},
  pages     = {191--229},
  year      = {1991},
  url       = {https://doi.org/10.1016/0304-3975(91)90374-B},
  doi       = {10.1016/0304-3975(91)90374-B},
  timestamp = {Sun, 28 May 2017 13:20:06 +0200},
  biburl    = {https://dblp.org/rec/bib/journals/tcs/SekiMFK91},
  bibsource = {dblp computer science bibliography, https://dblp.org}
}

%%%%%%%%%%%%%%%%%%
%%%% Other grammar formalisms/language resources

@book{butt1999lfg,
  title={{A Grammar Writer's Cookbook}},
  author={Butt, Miriam and Holloway King, Tracy and Ni{\~n}o, Mar\'{i}a-Eugenia and Segond, Fr\'{e}d\'{e}rique},
  publisher={{CSLI Publications Stanford}},
  year={1999}
}


@inproceedings{nivre2016ud,
  title={Universal Dependencies v1: A Multilingual Treebank Collection.},
  author={Nivre, Joakim and de Marneffe, Marie-Catherine and Ginter, Filip and Goldberg, Yoav and Hajic, Jan and Manning, Christopher D. and McDonald, Ryan T. and Petrov, Slav and Pyysalo, Sampo and Silveira, Natalia and others},
  booktitle="Proceedings of the " # lrec2016,
  year={2016}
}


@article{joshi1975tag,
  author    = {Aravind K. Joshi and
               Leon S. Levy and
               Masako Takahashi},
  title     = {{Tree Adjunct Grammars}},
  journal   = {{Journal of Computer and System Sciences}},
  volume    = {10},
  number    = {1},
  pages     = {136--163},
  year      = {1975},
  url       = {https://doi.org/10.1016/S0022-0000(75)80019-5},
  doi       = {10.1016/S0022-0000(75)80019-5},
  timestamp = {Sat, 20 May 2017 00:25:53 +0200},
  biburl    = {https://dblp.org/rec/bib/journals/jcss/JoshiLT75},
  bibsource = {dblp computer science bibliography, https://dblp.org}
}

@INPROCEEDINGS{steedman1988ccg,
    author = {Mark Steedman},
    title = {Combinators and Grammars},
    booktitle = {Categorial Grammars and Natural Language Structures},
    year = {1988},
    pages = {417--442}
}